@article{Brown61,
 jstor_articletype = {research-article},
 title = {The Fundamental Theorem of Exponential Smoothing},
  year = {1961},
 author = {Brown, Robert G. and Meyer, Richard F. and D'Esopo, D. A.},
 journal = {Operations Research},
 jstor_issuetitle = {},
 volume = {9},
 number = {5},
 jstor_formatteddate = {Sep. - Oct., 1961},
 pages = {pp. 673-687},
 ISSN = {0030364X},
 language = {English},
 publisher = {INFORMS},
 copyright = {Copyright 1961 INFORMS},
}
@article{CitekeyArticle,
  author   = "P. J. Cohen",
  title    = "The independence of the continuum hypothesis",
  journal  = "Proceedings of the National Academy of Sciences",
  year     = 1963,
  volume   = "50",
  number   = "6",
  pages    = "1143--1148",
}

@article{Dobbie63,
  jstor_articletype = {research-article},
  title = {A Simple Proof of a Theorem in Exponential Smoothing},
  year = {1963},
  author = {Dobbie, James M.},
  journal = {Operations Research},
  jstor_issuetitle = {},
  volume = {11},
  number = {3},
  jstor_formatteddate = {May - Jun., 1963},
  pages = {pp. 461-463},
  ISSN = {0030364X},
  abstract = {A simple proof is given of a theorem in exponential smoothing 
  that is sometimes referred to as the fundamental theorem. This theorem 
  states that a polynomial, of degree N at most, minimizes the exponentially-discounted 
  sum of squares of the errors if and only if it satisfies the set of $N+1$ equations 
  obtained by equating the ith iteration of the exponentially-discounted average of 
  the sequence to the corresponding average of the polynomial, $i=1, 2,..., N+1$.},
  language = {English},
  publisher = {INFORMS},
  copyright = {Copyright 1963 INFORMS},
}

@book{harvey90,
  title={Forecasting, Structural Time Series Models and the Kalman Filter},
  author={Harvey, A.C.},
  isbn={9780521405737},
  lccn={89031417},
  year={1990},
  publisher={Cambridge University Press},
}

@article{michaud1989markowitz,
  title={The Markowitz optimization enigma: Is ‘optimized’optimal?},
  author={Michaud, Richard O},
  journal={Financial analysts journal},
  volume={45},
  number={1},
  pages={31--42},
  year={1989},
  publisher={Taylor \& Francis}
}

@article{kopp2021improve,
	title={How to improve the ESG profile of portfolios while keeping a similar risk-adjusted return},
	author={Kopp, Antoine and Barber, Dominic and Cottet, R{\'e}my and Susinno, Gabriele},
	journal={Journal of Risk Management in Financial Institutions},
	volume={15},
	number={1},
	pages={51--71},
	year={2021},
	publisher={Henry Stewart Publications}
}

@article{stackpole2021sustainable,
  title={Why sustainable business needs better ESG ratings},
  author={Stackpole, Beth},
  journal={Hentet fra shorturl. at/ewyDO},
  year={2021}
}

@article{bender2013foundations,
  title={Foundations of factor investing},
  author={Bender, Jennifer and Briand, Remy and Melas, Dimitris and Subramanian, Raman Aylur},
  journal={Available at SSRN 2543990},
  year={2013}
}

@article{pollard2018establishing,
	title={Establishing ESG as risk premia},
	author={Pollard, Julia L and Sherwood, Matthew W and Klobus, Ryan Grad},
	journal={Journal of Investment Management},
	volume={16},
	number={1},
	pages={32--43},
	year={2018}
}


@article{pastor2021sustainable,
	title={Sustainable investing in equilibrium},
	author={P{\'a}stor, L'ubo{\v{s}} and Stambaugh, Robert F and Taylor, Lucian A},
	journal={Journal of Financial Economics},
	volume={142},
	number={2},
	pages={550--571},
	year={2021},
	publisher={Elsevier}
}

@inproceedings{glossner2017esg,
	title={ESG risks and the cross-section of stock returns},
	author={Glo{\ss}ner, Simon},
	booktitle={Paris December 2017 Finance Meeting EUROFIDAI-AFFI},
	year={2017}
}

@article{carhart1997persistence,
	title={On persistence in mutual fund performance},
	author={Carhart, Mark M},
	journal={The Journal of finance},
	volume={52},
	number={1},
	pages={57--82},
	year={1997},
	publisher={Wiley Online Library}
}

@article{cornell2021esg,
	title={ESG preferences, risk and return},
	author={Cornell, Bradford},
	journal={European Financial Management},
	volume={27},
	number={1},
	pages={12--19},
	year={2021},
	publisher={Wiley Online Library}
}

@misc{madhavan2020toward,
	title={Toward green alpha: Analyzing ESG exposures through a factor lens},
	author={Madhavan, Ananth and Sobczyk, Aleksander and Ang, Andrew},
	year={2020},
	publisher={Working Paper, Blackrock}
}

@article{bruder2019integration,
	title={Integration of ESG in asset allocation},
	author={Bruder, Benjamin and Cheikh, Yazid and Deixonne, Florent and Zheng, Ban},
	journal={Available at SSRN 3473874},
	year={2019}
}

@article{husse2021responsible,
	title={Responsible Minus Irresponsible-a determinant of equity risk premia?},
	author={Husse, Thomas and Pippo, Federico},
	journal={Journal of Sustainable Finance \& Investment},
	pages={1--23},
	year={2021},
	publisher={Taylor \& Francis}
}

@article{giese2019weighing,
	title={Weighing the evidence: ESG and equity returns},
	author={Giese, Guido and Lee, Linda-Eling},
	journal={MSCI Research Insight},
	year={2019}
}

@article{nagy2016can,
	title={Can ESG add alpha? An analysis of ESG tilt and momentum strategies},
	author={Nagy, Zolt{\'a}n and Kassam, Altaf and Lee, Linda-Eling},
	journal={The Journal of Investing},
	volume={25},
	number={2},
	pages={113--124},
	year={2016},
	publisher={Institutional Investor Journals Umbrella}
}

@article{maiti2021esg,
	title={Is ESG the succeeding risk factor?},
	author={Maiti, Moinak},
	journal={Journal of Sustainable Finance \& Investment},
	volume={11},
	number={3},
	pages={199--213},
	year={2021},
	publisher={Taylor \& Francis}
}

@article{lioui2018esg,
	title={Is ESG Risk Priced?},
	author={Lioui, Abraham},
	journal={Available at SSRN 3285091},
	year={2018}
}

@article{giese2016esg,
	title={Esg as a performance factor for smart beta indexes},
	author={Giese, Guido and Ossen, Arnfried and Bacon, Steven},
	journal={The Journal of Index Investing},
	volume={7},
	number={3},
	pages={7--20},
	year={2016},
	publisher={Institutional Investor Journals Umbrella}
}

@article{sahut2015esg,
	title={ESG impact on market performance of firms: International Evidence},
	author={Sahut, Jean-Michel and Pasquini-Descomps, H{\'e}l{\`e}ne},
	journal={Management International/International Management/Gesti{\`o}n Internacional},
	volume={19},
	number={2},
	pages={40--63},
	year={2015},
	publisher={HEC Montr{\'e}al}
}

@article{kaiser2020esg,
	title={ESG integration: value, growth and momentum},
	author={Kaiser, Lars},
	journal={Journal of Asset Management},
	volume={21},
	number={1},
	pages={32--51},
	year={2020},
	publisher={Springer}
}

@article{bruno2022honey,
	title={“Honey, I Shrunk the ESG Alpha”: Risk-Adjusting ESG Portfolio Returns},
	author={Bruno, Giovanni and Esakia, Mikheil and Goltz, Felix},
	journal={The Journal of Investing},
	year={2022},
	publisher={Institutional Investor Journals Umbrella}
}

@article{friede2015esg,
	title={ESG and financial performance: aggregated evidence from more than 2000 empirical studies},
	author={Friede, Gunnar and Busch, Timo and Bassen, Alexander},
	journal={Journal of Sustainable Finance \& Investment},
	volume={5},
	number={4},
	pages={210--233},
	year={2015},
	publisher={Taylor \& Francis}
}

@article{billio2021inside,
	title={Inside the ESG Ratings:(Dis) agreement and performance},
	author={Billio, Monica and Costola, Michele and Hristova, Iva and Latino, Carmelo and Pelizzon, Loriana},
	journal={Corporate Social Responsibility and Environmental Management},
	volume={28},
	number={5},
	pages={1426--1445},
	year={2021},
	publisher={Wiley Online Library}
}

@article{revelli2015financial,
	title={Financial performance of socially responsible investing (SRI): what have we learned? A meta-analysis},
	author={Revelli, Christophe and Viviani, Jean-Laurent},
	journal={Business Ethics: A European Review},
	volume={24},
	number={2},
	pages={158--185},
	year={2015},
	publisher={Wiley Online Library}
}

@article{risk2019returns,
	title={Returns of Sustainable Funds},
	author={Risk, Sustainable Reality Analyzing},
	journal={Morgan Stanly},
	volume={6},
	year={2019}
}

@article{cappucci2018esg,
	title={The ESG integration paradox},
	author={Cappucci, Michael},
	journal={Journal of Applied Corporate Finance},
	volume={30},
	number={2},
	pages={22--28},
	year={2018}
}

@article{humphrey2014does,
	title={Does it really hurt to be responsible?},
	author={Humphrey, Jacquelyn E and Tan, David T},
	journal={Journal of business ethics},
	volume={122},
	number={3},
	pages={375--386},
	year={2014},
	publisher={Springer}
}

@article{alessandrini2020esg,
	title={ESG investing: From sin stocks to smart beta},
	author={Alessandrini, Fabio and Jondeau, Eric},
	journal={The Journal of Portfolio Management},
	volume={46},
	number={3},
	pages={75--94},
	year={2020},
	publisher={Institutional Investor Journals Umbrella}
}

@article{fish2019esgsacrifice,
	title={The ESG sacrifice},
	author={Fish, Alexander and Kim, DH and Venkatraman, Shankar},
	journal={Available at SSRN 3488475},
	year={2019}
}

@article{plagge2020have,
	title={Have investors paid a performance price? Examining the behavior of ESG equity funds},
	author={Plagge, Jan-Carl and Grim, Douglas M},
	journal={The Journal of Portfolio Management},
	volume={46},
	number={3},
	pages={123--140},
	year={2020},
	publisher={Institutional Investor Journals Umbrella}
}

@article{naffa2022factor,
	title={A factor approach to the performance of ESG leaders and laggards},
	author={Naffa, Helena and Fain, M{\'a}t{\'e}},
	journal={Finance Research Letters},
	volume={44},
	pages={102073},
	year={2022},
	publisher={Elsevier}
}

@article{dimson2020divergent,
	title={Divergent ESG ratings},
	author={Dimson, Elroy and Marsh, Paul and Staunton, Mike},
	journal={The Journal of Portfolio Management},
	volume={47},
	number={1},
	pages={75--87},
	year={2020},
	publisher={Institutional Investor Journals Umbrella}
}

@article{berg2021esg,
	title={ESG Confusion and Stock Returns: Tackling the Problem of Noise},
	author={Berg, Florian and K{\"o}lbel, Julian F and Pavlova, Anna and Rigobon, Roberto},
	journal={Available at SSRN 3941514},
	year={2021}
}

@techreport{berg2022esg,
  title={ESG confusion and stock returns: Tackling the problem of noise},
  author={Berg, Florian and Koelbel, Julian F and Pavlova, Anna and Rigobon, Roberto},
  year={2022},
  institution={National Bureau of Economic Research}
}

@article{berg2020history,
	title={Is history repeating itself? the (un) predictable past of esg ratings},
	author={Berg, Florian and Fabisik, Kornelia and Sautner, Zacharias},
	journal={The (Un) Predictable Past of ESG Ratings (August 24, 2021). European Corporate Governance Institute--Finance Working Paper},
	volume={708},
	year={2020}
}

@book{berg2019aggregate,
	title={Aggregate confusion: The divergence of ESG ratings},
	author={Berg, Florian and Koelbel, Julian F and Rigobon, Roberto},
	year={2019},
	publisher={MIT Sloan School of Management Cambridge, MA, USA}
}

@article{kempf2007effect,
	title={The effect of socially responsible investing on portfolio performance},
	author={Kempf, Alexander and Osthoff, Peer},
	journal={European financial management},
	volume={13},
	number={5},
	pages={908--922},
	year={2007},
	publisher={Wiley Online Library}
}

@inproceedings{meyer2020capital,
	title={Capital-market effects of ESG scores: Evidence from a quasi-natural experiment},
	author={Meyer, Julia and Sch{\"u}pbach, Luca Maria and Utz, Sebastian},
	booktitle={Workshop Sustainable Finance 2020, Webinar, Universit{\"a}t Lichtenstein, 1. Oktober 2020},
	year={2020}
}

@article{geczy2018efficient,
	title={Efficient SRI/ESG Portfolios},
	author={Geczy, Christopher and Guerard, John and Samonov, Mikhail},
	journal={Available at SSRN 3011644},
	year={2018}
}

@article{albertini2013does,
	title={Does environmental management improve financial performance? A meta-analytical review},
	author={Albertini, Elisabeth},
	journal={Organization \& Environment},
	volume={26},
	number={4},
	pages={431--457},
	year={2013},
	publisher={SAGE Publications Sage CA: Los Angeles, CA}
}

@article{clark2015stockholder,
	title={From the stockholder to the stakeholder: How sustainability can drive financial outperformance},
	author={Clark, Gordon L and Feiner, Andreas and Viehs, Michael},
	journal={Available at SSRN 2508281},
	year={2015}
}

@article{eccles2014impact,
	title={The impact of corporate sustainability on organizational processes and performance},
	author={Eccles, Robert G and Ioannou, Ioannis and Serafeim, George},
	journal={Management science},
	volume={60},
	number={11},
	pages={2835--2857},
	year={2014},
	publisher={Informs}
}

@article{bennani2018esg,
	title={How ESG Investing has impacted the asset pricing in the equity market},
	author={Bennani, Leila and Le Guenedal, Th{\'e}o and Lepetit, Fr{\'e}d{\'e}ric and Ly, Lai and Mortier, Vincent and Roncalli, Thierry and Sekine, Takaya},
	journal={Available at SSRN 3316862},
	year={2018}
}

@article{gibson2019esg,
	title={ESG rating disagreement and stock returns},
	author={Gibson, Rajna and Krueger, Philipp and Schmidt, Peter Steffen},
	journal={Swiss Finance Institute Research Paper},
	number={19-67},
	year={2019}
}

@article{axioma2017,
	title={Axioma AXWW4 Model Supplement},
	author={Qontigo},
	year={2017}
}

@article{pictet2020beliefs,
	title={Our Multi-asset Investment Beliefs},
	author={Pictet},
	year={2020}
}

@article{pastor2022dissecting,
  title={Dissecting green returns},
  author={P{\'a}stor, L'ubo{\v{s}} and Stambaugh, Robert F and Taylor, Lucian A},
  journal={Journal of Financial Economics},
  volume={146},
  number={2},
  pages={403--424},
  year={2022},
  publisher={Elsevier}
}

@article{boyd2017multi,
  title={Multi-period trading via convex optimization},
  author={Boyd, Stephen and Busseti, Enzo and Diamond, Steve and Kahn, Ronald N and Koh, Kwangmoo and Nystrup, Peter and Speth, Jan and others},
  journal={Foundations and Trends{\textregistered} in Optimization},
  volume={3},
  number={1},
  pages={1--76},
  year={2017},
  publisher={Now Publishers, Inc.}
}

@inproceedings{ali2015disciplined,
  title={Disciplined Convex Stochastic Programming: A New Framework for Stochastic Optimization.},
  author={Ali, Alnur and Kolter, J Zico and Diamond, Steven and Boyd, Stephen P},
  booktitle={UAI},
  pages={62--71},
  year={2015}
}

@article{amenc2021greeness,
  title={When greenness is mistaken for alpha: Pitfalls in constructing low carbon equity portfolios},
  author={Amenc, Noël and Esakia, Mikhail and Goltz, Felix},
  journal={Working Paper, ScientificBeta},
  year={2021}
}

@article{bams2022tilting,
  title={Tilting the Wrong Firms? How Inflated ESG Ratings Negate Socially Responsible Investing under Information Asymmetries},
  author={Bams, Dennis and van der Kroft, Bram},
  journal={MIT Center for Real Estate Research Paper},
  year={2022}
}

@article{sheikh1996barra,
  title={BARRA’s risk models},
  author={Sheikh, Aamir},
  journal={Barra Research Insights},
  pages={1--24},
  year={1996}
}

@article{fama1993common,
  title={Common risk factors in the returns on stocks and bonds},
  author={Fama, Eugene F and French, Kenneth R},
  journal={Journal of financial economics},
  volume={33},
  number={1},
  pages={3--56},
  year={1993},
  publisher={Elsevier}
}

@article{menchero2010characteristics,
  title={Characteristics of Factor Portfolios, March 2010},
  author={Menchero, Jose},
  journal={MSCI Barra Research Paper},
  number={2010-08},
  year={2010}
}

@article{axioma2017model,
	title={Axioma Robust Risk Model Version 4 Handbook},
	author={Axioma},
	year={2017}
}